<?xml version="1.0" encoding="UTF-8"?><collection xmlns="http://www.loc.gov/MARC21/slim"><record><leader>00325nam--2200133-i-4500</leader><controlfield tag="001">000002481</controlfield><controlfield tag="002">20161230</controlfield><controlfield tag="005">20161230201025</controlfield><controlfield tag="008">060222s1000------------r-----000-0-eng-d</controlfield><datafield ind1=" " ind2=" " tag="080"><subfield code="a">5:2</subfield></datafield><datafield ind1=" " ind2=" " tag="100"><subfield code="a">Barbour, Ian G</subfield></datafield><datafield ind1=" " ind2=" " tag="245"><subfield code="a">Issues in science and religion</subfield></datafield><datafield ind1=" " ind2=" " tag="260"><subfield code="a">London, Scm Press Ltd., 1972. X + 470 P</subfield></datafield><datafield ind1=" " ind2=" " tag="852"><subfield code="a">41257</subfield></datafield></record></collection>